[gd_scene load_steps=4 format=2]

[ext_resource path="res://scripts/ui/user_interface.gd" type="Script" id=1]
[ext_resource path="res://scripts/ui/level_up_menu.gd" type="Script" id=2]
[ext_resource path="res://scenes/ui/Cursor.tscn" type="PackedScene" id=3]

[node name="LevelUpMenu" type="Control" index="0"]

anchor_left = 0.0
anchor_top = 0.0
anchor_right = 0.0
anchor_bottom = 0.0
rect_pivot_offset = Vector2( 0, 0 )
mouse_filter = 0
mouse_default_cursor_shape = 0
size_flags_horizontal = 1
size_flags_vertical = 1
script = ExtResource( 1 )
default_menu_name = "DefaultMenu"

[node name="Title" type="Label" parent="." index="0"]

anchor_left = 0.0
anchor_top = 0.0
anchor_right = 0.0
anchor_bottom = 0.0
margin_left = 8.0
margin_right = 160.0
margin_bottom = 39.0
rect_pivot_offset = Vector2( 0, 0 )
mouse_filter = 2
mouse_default_cursor_shape = 0
size_flags_horizontal = 1
size_flags_vertical = 4
text = "You gain a level!
Select attributes to increase."
percent_visible = 1.0
lines_skipped = 0
max_lines_visible = -1

[node name="Menu" type="Container" parent="." index="1" groups=[
"Menus",
]]

anchor_left = 0.0
anchor_top = 0.0
anchor_right = 0.0
anchor_bottom = 0.0
margin_left = 8.0
margin_top = 31.0
margin_right = 69.0
margin_bottom = 78.0
rect_pivot_offset = Vector2( 0, 0 )
mouse_filter = 0
mouse_default_cursor_shape = 0
size_flags_horizontal = 1
size_flags_vertical = 1
script = ExtResource( 2 )
_active = true
leavable = false

[node name="Strn" type="Label" parent="Menu" index="0"]

anchor_left = 0.0
anchor_top = 0.0
anchor_right = 0.0
anchor_bottom = 0.0
margin_left = 8.0
margin_top = -3.0
margin_right = 91.0
margin_bottom = 10.0
rect_pivot_offset = Vector2( 0, 0 )
mouse_filter = 2
mouse_default_cursor_shape = 0
size_flags_horizontal = 1
size_flags_vertical = 4
text = "Strength"
percent_visible = 1.0
lines_skipped = 0
max_lines_visible = -1

[node name="Con" type="Label" parent="Menu" index="1"]

anchor_left = 0.0
anchor_top = 0.0
anchor_right = 0.0
anchor_bottom = 0.0
margin_left = 8.0
margin_top = 8.0
margin_right = 65.0
margin_bottom = 21.0
rect_pivot_offset = Vector2( 0, 0 )
mouse_filter = 2
mouse_default_cursor_shape = 0
size_flags_horizontal = 1
size_flags_vertical = 4
text = "Constitution"
percent_visible = 1.0
lines_skipped = 0
max_lines_visible = -1

[node name="Dex" type="Label" parent="Menu" index="2"]

anchor_left = 0.0
anchor_top = 0.0
anchor_right = 0.0
anchor_bottom = 0.0
margin_left = 8.0
margin_top = 19.0
margin_right = 91.0
margin_bottom = 32.0
rect_pivot_offset = Vector2( 0, 0 )
mouse_filter = 2
mouse_default_cursor_shape = 0
size_flags_horizontal = 1
size_flags_vertical = 4
text = "Dexterity"
percent_visible = 1.0
lines_skipped = 0
max_lines_visible = -1

[node name="Foc" type="Label" parent="Menu" index="3"]

anchor_left = 0.0
anchor_top = 0.0
anchor_right = 0.0
anchor_bottom = 0.0
margin_left = 8.0
margin_top = 31.0
margin_right = 91.0
margin_bottom = 44.0
rect_pivot_offset = Vector2( 0, 0 )
mouse_filter = 2
mouse_default_cursor_shape = 0
size_flags_horizontal = 1
size_flags_vertical = 4
text = "Focus"
percent_visible = 1.0
lines_skipped = 0
max_lines_visible = -1

[node name="Wis" type="Label" parent="Menu" index="4"]

anchor_left = 0.0
anchor_top = 0.0
anchor_right = 0.0
anchor_bottom = 0.0
margin_left = 8.0
margin_top = 42.0
margin_right = 91.0
margin_bottom = 55.0
rect_pivot_offset = Vector2( 0, 0 )
mouse_filter = 2
mouse_default_cursor_shape = 0
size_flags_horizontal = 1
size_flags_vertical = 4
text = "Wisdom"
percent_visible = 1.0
lines_skipped = 0
max_lines_visible = -1

[node name="Intl" type="Label" parent="Menu" index="5"]

anchor_left = 0.0
anchor_top = 0.0
anchor_right = 0.0
anchor_bottom = 0.0
margin_left = 8.0
margin_top = 53.0
margin_right = 91.0
margin_bottom = 66.0
rect_pivot_offset = Vector2( 0, 0 )
mouse_filter = 2
mouse_default_cursor_shape = 0
size_flags_horizontal = 1
size_flags_vertical = 4
text = "Inteligence"
percent_visible = 1.0
lines_skipped = 0
max_lines_visible = -1

[node name="Cursor" parent="Menu" index="6" groups=[
"Cursors",
] instance=ExtResource( 3 )]

margin_top = 2.0
margin_bottom = 10.0
max_selection = 5
step_length = 11
snapped = true


